<?xml version="1.0" encoding="UTF-8"?><collection xmlns="http://www.loc.gov/MARC21/slim"><record><leader>00651nam--2200205-i-4500</leader><controlfield tag="001">000042140</controlfield><controlfield tag="002">20161230</controlfield><controlfield tag="005">20161230201043</controlfield><controlfield tag="008">060222s1000------------r-----000-0-eng-d</controlfield><datafield ind1=" " ind2=" " tag="020"><subfield code="a">0444851151</subfield></datafield><datafield ind1=" " ind2=" " tag="040"><subfield code="a">IFIN-HH</subfield></datafield><datafield ind1=" " ind2=" " tag="080"><subfield code="a">523.2:523.9</subfield></datafield><datafield ind1="1" ind2=" " tag="100"><subfield code="a">Parker, E.N</subfield></datafield><datafield ind1="1" ind2="0" tag="245"><subfield code="a">Solar system plasma physics</subfield><subfield code="b">Volume 1: solar and solar wind plasma physics</subfield><subfield code="c">E.n. parker, charles f.kennel, louis j. lanzerotti (eds.)</subfield></datafield><datafield ind1=" " ind2=" " tag="260"><subfield code="a">Amsterdam</subfield><subfield code="b">North-holland Publishing Company</subfield><subfield code="c">1979</subfield></datafield><datafield ind1=" " ind2=" " tag="300"><subfield code="a">X+344P.+ XLIX</subfield></datafield><datafield ind1=" " ind2=" " tag="490"><subfield code="a">Solar System Plasma Physics</subfield></datafield><datafield ind1="1" ind2=" " tag="700"><subfield code="a">Lanzerotti, Louis J</subfield><subfield code="e">Ed</subfield></datafield><datafield ind1=" " ind2=" " tag="852"><subfield code="a">47058</subfield><subfield code="c">523</subfield></datafield><datafield ind1=" " ind2=" " tag="CAT"><subfield code="a">Sys</subfield><subfield code="c">20141203</subfield><subfield code="h">131043</subfield></datafield></record></collection>